%YAML 1.1
%TAG !u! tag:unity3d.com,2011:
--- !u!1 &125456
GameObject:
  m_ObjectHideFlags: 0
  m_PrefabParentObject: {fileID: 0}
  m_PrefabInternal: {fileID: 100100000}
  serializedVersion: 4
  m_Component:
  - 4: {fileID: 426540}
  - 114: {fileID: 11437252}
  - 114: {fileID: 11465136}
  - 212: {fileID: 21283260}
  - 50: {fileID: 5002328}
  - 61: {fileID: 6192936}
  - 95: {fileID: 9555048}
  m_Layer: 0
  m_Name: Student
  m_TagString: Untagged
  m_Icon: {fileID: 0}
  m_NavMeshLayer: 0
  m_StaticEditorFlags: 0
  m_IsActive: 1
--- !u!4 &426540
Transform:
  m_ObjectHideFlags: 1
  m_PrefabParentObject: {fileID: 0}
  m_PrefabInternal: {fileID: 100100000}
  m_GameObject: {fileID: 125456}
  m_LocalRotation: {x: 0, y: 0, z: 0, w: 1}
  m_LocalPosition: {x: -1.34000003, y: .5, z: 0}
  m_LocalScale: {x: 1, y: 1, z: 1}
  m_Children: []
  m_Father: {fileID: 0}
  m_RootOrder: 0
--- !u!50 &5002328
Rigidbody2D:
  m_ObjectHideFlags: 1
  m_PrefabParentObject: {fileID: 0}
  m_PrefabInternal: {fileID: 100100000}
  m_GameObject: {fileID: 125456}
  m_Mass: 1
  m_LinearDrag: 1
  m_AngularDrag: .0500000007
  m_GravityScale: 3
  m_FixedAngle: 1
  m_IsKinematic: 0
  m_Interpolate: 0
  m_SleepingMode: 1
  m_CollisionDetection: 0
--- !u!61 &6192936
BoxCollider2D:
  m_ObjectHideFlags: 1
  m_PrefabParentObject: {fileID: 0}
  m_PrefabInternal: {fileID: 100100000}
  m_GameObject: {fileID: 125456}
  m_Enabled: 1
  m_Material: {fileID: 6200000, guid: 38875aaae00c241f1a72d5072e6bd4a5, type: 2}
  m_IsTrigger: 0
  m_UsedByEffector: 0
  m_Offset: {x: 0, y: 0}
  serializedVersion: 2
  m_Size: {x: .5, y: 1}
--- !u!95 &9555048
Animator:
  serializedVersion: 3
  m_ObjectHideFlags: 1
  m_PrefabParentObject: {fileID: 0}
  m_PrefabInternal: {fileID: 100100000}
  m_GameObject: {fileID: 125456}
  m_Enabled: 1
  m_Avatar: {fileID: 0}
  m_Controller: {fileID: 9100000, guid: 920468cdbfc716343814f31724de9f66, type: 2}
  m_CullingMode: 0
  m_UpdateMode: 0
  m_ApplyRootMotion: 0
  m_LinearVelocityBlending: 0
  m_WarningMessage: 
  m_HasTransformHierarchy: 1
  m_AllowConstantClipSamplingOptimization: 1
--- !u!114 &11437252
MonoBehaviour:
  m_ObjectHideFlags: 1
  m_PrefabParentObject: {fileID: 0}
  m_PrefabInternal: {fileID: 100100000}
  m_GameObject: {fileID: 125456}
  m_Enabled: 1
  m_EditorHideFlags: 0
  m_Script: {fileID: 11500000, guid: 661ecb1aec1b24c729d47c5b19f56a37, type: 3}
  m_Name: 
  m_EditorClassIdentifier: 
  jumpForce: 600
  velocity: 3
  speedupScoreDevider: 100
  startMovementDelay: 3
  ignoreObstacles: 0
  obstacleLayer:
    serializedVersion: 2
    m_Bits: 512
--- !u!114 &11465136
MonoBehaviour:
  m_ObjectHideFlags: 1
  m_PrefabParentObject: {fileID: 0}
  m_PrefabInternal: {fileID: 100100000}
  m_GameObject: {fileID: 125456}
  m_Enabled: 1
  m_EditorHideFlags: 0
  m_Script: {fileID: 11500000, guid: d151966d04592454fbc942f0a61c6457, type: 3}
  m_Name: 
  m_EditorClassIdentifier: 
  energy: 10
  jumpSound: {fileID: 8300000, guid: e7e59f8715407b749b3cee7519c62d2e, type: 3}
  collisionSounds:
  - {fileID: 8300000, guid: ffd3938c2ab48f94ab14e044a5ea0512, type: 3}
  - {fileID: 8300000, guid: 2c3683371185dd74d8a6b2456de93820, type: 3}
  - {fileID: 8300000, guid: e1a4e1c84ea158442b32d58f0b989d3d, type: 3}
  sleepSound: {fileID: 0}
  omnomnomSound: {fileID: 0}
--- !u!212 &21283260
SpriteRenderer:
  m_ObjectHideFlags: 1
  m_PrefabParentObject: {fileID: 0}
  m_PrefabInternal: {fileID: 100100000}
  m_GameObject: {fileID: 125456}
  m_Enabled: 1
  m_CastShadows: 0
  m_ReceiveShadows: 0
  m_Materials:
  - {fileID: 10754, guid: 0000000000000000e000000000000000, type: 0}
  m_SubsetIndices: 
  m_StaticBatchRoot: {fileID: 0}
  m_UseLightProbes: 1
  m_ReflectionProbeUsage: 1
  m_ProbeAnchor: {fileID: 0}
  m_ScaleInLightmap: 1
  m_PreserveUVs: 0
  m_ImportantGI: 0
  m_AutoUVMaxDistance: .5
  m_AutoUVMaxAngle: 89
  m_LightmapParameters: {fileID: 0}
  m_SortingLayerID: 0
  m_SortingOrder: 0
  m_Sprite: {fileID: 21300000, guid: d5136ba362fbb4fb98bb076cccd046f8, type: 3}
  m_Color: {r: 0, g: 1, b: .544827461, a: 1}
--- !u!1001 &100100000
Prefab:
  m_ObjectHideFlags: 1
  serializedVersion: 2
  m_Modification:
    m_TransformParent: {fileID: 0}
    m_Modifications: []
    m_RemovedComponents: []
  m_ParentPrefab: {fileID: 0}
  m_RootGameObject: {fileID: 125456}
  m_IsPrefabParent: 1
